<?xml version="1.0" encoding="UTF-8"?><collection xmlns="http://www.loc.gov/MARC21/slim"><record><leader>00629nam--2200193-i-4500</leader><controlfield tag="001">000002180</controlfield><controlfield tag="002">20161230</controlfield><controlfield tag="005">20161230201024</controlfield><controlfield tag="008">060222s1000------------r-----000-0-eng-d</controlfield><datafield ind1=" " ind2=" " tag="040"><subfield code="a">IFIN-HH</subfield></datafield><datafield ind1=" " ind2=" " tag="080"><subfield code="a">537.6/.8(061.3)</subfield></datafield><datafield ind1="1" ind2=" " tag="100"><subfield code="a">Sacchetti, M</subfield></datafield><datafield ind1="1" ind2="0" tag="245"><subfield code="a">Magnet technology</subfield><subfield code="b">Fifth international conference on magnet technology (mt-5) roma (eur)-italy, april 21- 25, 1975</subfield><subfield code="c">M. sacchetti; m. spadoni; s. stipcich (eds.)</subfield></datafield><datafield ind1=" " ind2=" " tag="260"><subfield code="a">Frascati</subfield><subfield code="b">Laboratori Nazionali Del Cnen</subfield><subfield code="c">1975</subfield></datafield><datafield ind1=" " ind2=" " tag="300"><subfield code="a">XX + 757 P</subfield></datafield><datafield ind1=" " ind2=" " tag="490"><subfield code="a">Proceedings</subfield></datafield><datafield ind1="1" ind2=" " tag="700"><subfield code="a">Stipcich, S</subfield><subfield code="e">Ed</subfield></datafield><datafield ind1=" " ind2=" " tag="852"><subfield code="a">78937</subfield><subfield code="c">537:538</subfield></datafield><datafield ind1=" " ind2=" " tag="CAT"><subfield code="a">Sys</subfield><subfield code="c">20110630</subfield><subfield code="h">153659</subfield></datafield></record></collection>